<record><leader>00000cas a2200000 a 4500</leader><controlfield tag="001">9607034</controlfield><controlfield tag="008">830615d18951901iludr ne      0   a0eng c</controlfield><datafield ind1=" " ind2=" " tag="010"><subfield code="a">sn 83045738 </subfield></datafield><datafield ind1=" " ind2=" " tag="040"><subfield code="a">CRL</subfield><subfield code="b">eng</subfield><subfield code="c">CRL</subfield><subfield code="d">NPW</subfield><subfield code="d">NPV</subfield><subfield code="d">NPW</subfield><subfield code="d">DLC</subfield><subfield code="d">NVF</subfield><subfield code="d">KNP</subfield><subfield code="d">MGN</subfield><subfield code="d">NVF</subfield><subfield code="d">CVF</subfield><subfield code="d">NVF</subfield><subfield code="d">CRL</subfield><subfield code="d">OCLCO</subfield><subfield code="d">OCLCQ</subfield><subfield code="d">OCLCF</subfield><subfield code="d">NVF</subfield><subfield code="d">OCLCO</subfield><subfield code="d">NVF</subfield></datafield><datafield ind1=" " ind2=" " tag="042"><subfield code="a">pcc</subfield></datafield><datafield ind1=" " ind2=" " tag="043"><subfield code="a">n-us-il</subfield></datafield><datafield ind1="0" ind2="0" tag="050"><subfield code="a">Newspaper 7634</subfield></datafield><datafield ind1="0" ind2="4" tag="245"><subfield code="a">The Chicago times-herald.</subfield></datafield><datafield ind1="1" ind2=" " tag="246"><subfield code="i">Published on Sundays as:</subfield><subfield code="a">Sunday times-herald</subfield></datafield><datafield ind1="3" ind2=" " tag="246"><subfield code="a">Chicago times herald</subfield></datafield><datafield ind1="3" ind2=" " tag="246"><subfield code="a">Sunday times herald</subfield></datafield><datafield ind1=" " ind2=" " tag="260"><subfield code="a">Chicago, Ill. :</subfield><subfield code="b">Chicago Times-Herald,</subfield><subfield code="c">1895-1901.</subfield></datafield><datafield ind1=" " ind2=" " tag="300"><subfield code="a">v.</subfield></datafield><datafield ind1=" " ind2=" " tag="310"><subfield code="a">Daily</subfield></datafield><datafield ind1="0" ind2=" " tag="362"><subfield code="a">14th year, no. 299 (Mar. 4, 1895)-20th year, no. 322 (Mar. 27, 1901) = v. 41, no. 212-v. 47, no. 235.</subfield></datafield><datafield ind1=" " ind2=" " tag="515"><subfield code="a">Continues the numbering of Chicago herald (Chicago, Ill. : 1881).</subfield></datafield><datafield ind1=" " ind2=" " tag="530"><subfield code="a">Also available via the World Wide Web.</subfield></datafield><datafield ind1=" " ind2=" " tag="580"><subfield code="a">Formed by the union of: Chicago herald (Chicago, Ill. : 1881) and: Times (Chicago, Ill. : 1894).</subfield></datafield><datafield ind1=" " ind2=" " tag="580"><subfield code="a">Merged with: Chicago record (Chicago, Ill. : 1893), to form: Chicago record-herald.</subfield></datafield><datafield ind1=" " ind2="0" tag="651"><subfield code="a">Chicago (Ill.)</subfield><subfield code="v">Newspapers.</subfield></datafield><datafield ind1=" " ind2="7" tag="651"><subfield code="a">Illinois</subfield><subfield code="z">Chicago.</subfield><subfield code="2">fast</subfield><subfield code="0">(OCoLC)fst01204048</subfield></datafield><datafield ind1=" " ind2="7" tag="655"><subfield code="a">Newspapers.</subfield><subfield code="2">fast</subfield><subfield code="0">(OCoLC)fst01423814</subfield></datafield><datafield ind1=" " ind2=" " tag="752"><subfield code="a">United States</subfield><subfield code="b">Illinois</subfield><subfield code="c">Cook</subfield><subfield code="d">Chicago.</subfield></datafield><datafield ind1="0" ind2="8" tag="776"><subfield code="i">Online version:</subfield><subfield code="t">Chicago times-herald</subfield><subfield code="w">(OCoLC)808842392</subfield></datafield><datafield ind1="1" ind2="4" tag="780"><subfield code="t">Chicago herald (Chicago, Ill. : 1881)</subfield><subfield code="w">(DLC)sn 82016434</subfield><subfield code="w">(OCoLC)9328713</subfield></datafield><datafield ind1="1" ind2="4" tag="780"><subfield code="t">Times (Chicago, Ill. : 1894)</subfield><subfield code="w">(DLC)sn 84037011</subfield><subfield code="w">(OCoLC)10575253</subfield></datafield><datafield ind1="1" ind2="7" tag="785"><subfield code="t">Chicago record (Chicago, Ill. : 1893)</subfield><subfield code="w">(DLC)sn 83045490</subfield><subfield code="w">(OCoLC)9518443</subfield></datafield><datafield ind1="1" ind2="7" tag="785"><subfield code="t">Chicago record-herald</subfield><subfield code="w">(DLC)sn 83045513</subfield><subfield code="w">(OCoLC)9677694</subfield></datafield><datafield ind1="1" ind2=" " tag="029"><subfield code="a">AU@</subfield><subfield code="b">000020294859</subfield></datafield></record>